<record xmlns="http://www.loc.gov/MARC21/slim" xmlns:xsi="http://www.w3.org/2001/XMLSchema-instance" xsi:schemaLocation="http://www.loc.gov/MARC21/slim http://www.loc.gov/standards/marcxml/schema/MARC21slim.xsd"><leader>01874nam a2200397   4500</leader><controlfield tag="001">3536622</controlfield><controlfield tag="003">NIC</controlfield><controlfield tag="006">m        d        </controlfield><controlfield tag="007">cr cn |||m|||a</controlfield><controlfield tag="008">150223s1958    ua      o     000 1 arard</controlfield><datafield ind1=" " ind2=" " tag="040"><subfield code="a">NNU</subfield><subfield code="b">eng</subfield><subfield code="e">rda</subfield><subfield code="c">NNU</subfield></datafield><datafield ind1=" " ind2="4" tag="050"><subfield code="a">PJ7846.A46</subfield><subfield code="b">B58</subfield></datafield><datafield ind1="0" ind2="4" tag="082"><subfield code="a">892.736</subfield></datafield><datafield ind1="1" ind2=" " tag="100"><subfield code="6">880-01</subfield><subfield code="a">Mah&#803;fu&#772;z&#803;, Naji&#772;b,</subfield><subfield code="d">1911-2006.</subfield></datafield><datafield ind1="1" ind2="0" tag="245"><subfield code="6">880-02</subfield><subfield code="a">Bida&#772;yah wa-niha&#772;yah /</subfield><subfield code="c">ta&#700;li&#772;f Naji&#772;b Mah&#803;fu&#772;z&#803;.</subfield></datafield><datafield ind1=" " ind2=" " tag="260"><subfield code="6">880-03</subfield><subfield code="a">al-Fajja&#772;lah [Cairo] :</subfield><subfield code="b">Maktabat Mis&#803;r,</subfield><subfield code="c">[1958]</subfield></datafield><datafield ind1=" " ind2=" " tag="300"><subfield code="a">online resource (382 pages)</subfield></datafield><datafield ind1=" " ind2=" " tag="336"><subfield code="a">text</subfield><subfield code="2">rdacontent</subfield></datafield><datafield ind1=" " ind2=" " tag="337"><subfield code="a">computer</subfield><subfield code="2">rdamedia</subfield></datafield><datafield ind1=" " ind2=" " tag="338"><subfield code="a">online resource</subfield><subfield code="2">rdacarrier</subfield></datafield><datafield ind1="1" ind2=" " tag="490"><subfield code="6">880-04</subfield><subfield code="a">Mat&#803;bu&#772;&#699;a&#772;t Maktabat Mis&#803;r</subfield></datafield><datafield ind1=" " ind2=" " tag="500"><subfield code="a">Part of the Arabic Collections Online (ACO) project, contributed by Cornell University Libraries.</subfield></datafield><datafield ind1=" " ind2=" " tag="533"><subfield code="a">Electronic reproduction.</subfield><subfield code="b">New York, N.Y. :</subfield><subfield code="c">New York University,</subfield><subfield code="d">2015.</subfield><subfield code="5">NNU</subfield></datafield><datafield ind1="2" ind2=" " tag="710"><subfield code="a">Cornell University.</subfield><subfield code="b">Libraries.</subfield></datafield><datafield ind1="0" ind2=" " tag="730"><subfield code="a">Arabic Collections Online.</subfield></datafield><datafield ind1="0" ind2="8" tag="776"><subfield code="i">Online version:</subfield><subfield code="a">Mah&#803;fu&#772;z&#803;, Naji&#772;b, 1911-2006.</subfield><subfield code="t">Bida&#772;yah wa-niha&#772;yah.</subfield><subfield code="d">al-Fajja&#772;lah [Cairo] : Maktabat Mis&#803;r, [1958]</subfield><subfield code="w">(OCoLC)651757955</subfield></datafield><datafield ind1="0" ind2="8" tag="776"><subfield code="i">Print version:</subfield><subfield code="a">Mah&#803;fu&#772;z&#803;, Naji&#772;b, 1911-2006.</subfield><subfield code="t">Bida&#772;yah wa-niha&#772;yah</subfield><subfield code="w">(NIC)3536622</subfield><subfield code="w">(OCoLC)29646467</subfield></datafield><datafield ind1=" " ind2="0" tag="830"><subfield code="6">880-05</subfield><subfield code="a">Mat&#803;bu&#772;&#699;a&#772;t Maktabat Mis&#803;r.</subfield></datafield><datafield ind1="4" ind2="0" tag="856"><subfield code="u">http://hdl.handle.net/2333.1/280gb7s8</subfield></datafield><datafield ind1="1" ind2=" " tag="880"><subfield code="6">100-01/r</subfield><subfield code="a">&#8207;&#1605;&#1581;&#1601;&#1608;&#1592;&#1548; &#1606;&#1580;&#1610;&#1576;&#1548;</subfield><subfield code="d">1911-2006.</subfield></datafield><datafield ind1="1" ind2="0" tag="880"><subfield code="6">245-02/r</subfield><subfield code="a">&#8207;&#1576;&#1583;&#1575;&#1610;&#1577; &#1608; &#1606;&#1607;&#1575;&#1610;&#1577; /&#8207;</subfield><subfield code="c">&#8207;&#1578;&#1649;&#1604;&#1610;&#1601; &#1606;&#1580;&#1610;&#1576; &#1605;&#1581;&#1601;&#1608;&#1592;.</subfield></datafield><datafield ind1=" " ind2=" " tag="880"><subfield code="6">260-03/r</subfield><subfield code="a">&#8207;&#1575;&#1604;&#1601;&#1580;&#1575;&#1604;&#1577; :&#8207;</subfield><subfield code="b">&#8207;&#1605;&#1603;&#1578;&#1576;&#1577; &#1605;&#1589;&#1585;&#1548;&#8207;</subfield><subfield code="c">&#8207;[1958]</subfield></datafield><datafield ind1="1" ind2=" " tag="880"><subfield code="6">490-04/r</subfield><subfield code="a">&#1605;&#1591;&#1576;&#1608;&#1593;&#1575;&#1578; &#1605;&#1603;&#1578;&#1576;&#1577; &#1605;&#1589;&#1585;</subfield></datafield><datafield ind1=" " ind2="0" tag="880"><subfield code="6">830-05/r</subfield><subfield code="a">&#8207;&#1605;&#1591;&#1576;&#1608;&#1593;&#1575;&#1578; &#1605;&#1603;&#1578;&#1576;&#1577; &#1605;&#1589;&#1585;.</subfield></datafield><datafield ind1=" " ind2=" " tag="959"><subfield code="a">NNU</subfield><subfield code="b">WEB</subfield><subfield code="c">GENI</subfield><subfield code="t">0</subfield><subfield code="m">Electronic access</subfield><subfield code="s">01</subfield></datafield><datafield ind1=" " ind2=" " tag="999"><subfield code="i">NIC_3536622</subfield><subfield code="o">(OCoLC)ocm29646467</subfield><subfield code="s">cornell_aco000166</subfield></datafield></record>